<?xml version="1.0" encoding="UTF-8"?><collection xmlns="http://www.loc.gov/MARC21/slim"><record><leader>00430nam--2200145-i-4500</leader><controlfield tag="001">000008253</controlfield><controlfield tag="002">20161230</controlfield><controlfield tag="005">20161230201027</controlfield><controlfield tag="008">060222s1000------------r-----000-0-eng-d</controlfield><datafield ind1=" " ind2=" " tag="080"><subfield code="a">51:539.12.01</subfield></datafield><datafield ind1=" " ind2=" " tag="245"><subfield code="a">Application of mathematics to problems in theo retical  physics</subfield></datafield><datafield ind1=" " ind2=" " tag="260"><subfield code="a">New York, Gordon And Breach, 1967 Viii + 507 P</subfield></datafield><datafield ind1=" " ind2=" " tag="490"><subfield code="a">Cargese Lectures In Theoretical Physics, 1965</subfield></datafield><datafield ind1=" " ind2=" " tag="700"><subfield code="a">F.Lurcat</subfield></datafield><datafield ind1=" " ind2=" " tag="852"><subfield code="a">27601</subfield></datafield></record></collection>